<?xml version="1.0" encoding="UTF-8"?><collection xmlns="http://www.loc.gov/MARC21/slim"><record><leader>00367nam--2200133-i-4500</leader><controlfield tag="001">000044522</controlfield><controlfield tag="002">20161230</controlfield><controlfield tag="005">20161230201044</controlfield><controlfield tag="008">060222s1000------------r-----000-0-eng-d</controlfield><datafield ind1=" " ind2=" " tag="080"><subfield code="a">541.11(061.3):541.11(061.3)</subfield></datafield><datafield ind1=" " ind2=" " tag="245"><subfield code="a">Thermal analysis: comparative studies on materials</subfield></datafield><datafield ind1=" " ind2=" " tag="260"><subfield code="a">Tokyo, Kodansha Ltd., 1974, X+326p</subfield></datafield><datafield ind1=" " ind2=" " tag="700"><subfield code="a">Kambe,H.,Garn,P.D</subfield></datafield><datafield ind1=" " ind2=" " tag="852"><subfield code="a">42955</subfield></datafield></record></collection>